2294 2969
1028 181 1074 184 —
1128 161 1215 194 VIII
1266 180 1316 184 —

296 268 463 298 Mat-ariam
496 267 640 296 Herculis
667 276 705 295 ex
737 264 885 294 Deianira
907 264 1003 294 filiam
1033 264 1094 294 sibi
1119 265 1182 304 ipsi
1210 269 1340 295 mortem
1374 267 1566 296 conscivisse
1597 270 1691 306 atque
1721 268 1762 296 ita
1799 265 2049 296 Atheniensibus

297 328 477 357 victoriam.
506 325 583 354 fonti
611 333 726 353 nomen
759 323 954 353 conciliasse.
1007 323 1187 363 discrepant
1209 324 1286 354 haec
1317 334 1389 354 cum
1421 326 1453 354 in
1483 325 1655 355 levioribus
1687 325 1723 355 ab
1747 325 1898 366 Euripide
1919 328 1985 356 tum
2013 334 2049 355 eo

296 385 531 425 quod-Macaria
556 393 617 412 non
642 382 821 412 immolatur
844 383 897 412 sed
923 393 979 413 sua
1000 392 1098 413 manu
1124 385 1262 414 moritur.
1296 385 1402 423 itaque
1424 385 1533 423 procul
1557 384 1652 414 dubio
1679 389 1770 415 erunt
1793 386 1847 425 qui
1869 384 2048 415 Pausaniae

302 444 498 473 sedulitatem
522 446 551 471 ct
574 441 667 471 fidem
692 442 853 474 extollant,
887 443 941 482 qui
964 451 1003 472 ex
1030 443 1173 482 populari
1197 443 1279 472 fama
1308 453 1377 473 eam
1400 444 1502 483 ipsam
1523 445 1682 483 exceperit
1703 443 1851 477 fabulam,
1880 445 1931 474 cui
1954 444 2048 473 etiam

299 502 464 540 Euripides
487 501 677 541 tragoediam
702 503 955 541 superstruxerit.
1002 505 1032 531 at
1054 501 1192 531 sublesta
1212 505 1259 531 est
1281 501 1458 531 Pausaniae
1481 502 1580 532 fides:
1606 503 1660 541 (1111
1681 503 1708 532 51
1730 503 1875 542 quemvis
1899 502 1937 532 de
1956 502 2049 541 plebe

298 560 492 590 Marathonia
525 561 758 601 interrogasset,
793 561 901 591 saltem
927 560 964 590 ab
988 570 1024 590 eo
1048 569 1148 590 errore
1170 560 1230 590 sibi
1253 561 1398 597 03115501,
1444 564 1477 590 ut
1498 559 1711 599 Tricorysium
1738 561 1857 592 fontem
1883 562 1915 591 in
1938 571 2049 602 agrum

298 619 526 650 Marathonium
549 621 736 649 transferret.
783 620 895 659 quodsi
930 629 970 649 110
1004 629 1040 648 eo
1075 619 1202 659 quidem
1227 619 1311 659 quod
1344 620 1381 650 ad
1416 609 1607 660 periegetam
1641 621 1841 660 potissimum
1875 620 2050 660 pertinebat

295 687 427 708 munere
442 679 590 719 religiose
605 680 733 709 iunctus
753 683 809 710 051,
826 679 1055 718 compilationis
1072 681 1119 708 est
1136 679 1308 709 convictus.
1338 689 1530 719 quamquam
1553 689 1676 710 summa
1699 682 1743 711 rei
1758 680 1815 710 1130
1831 680 2050 710 observatione

294 747 356 767 non
380 739 528 778 tangitur.
558 738 713 778 siquidem
737 737 807 767 libri
834 747 851 767 a
873 736 1031 767 Pausania
1054 738 1085 767 in
1110 738 1223 767 Atticis
1246 738 1433 778 plerumque
1456 740 1600 779 excripti.
1627 740 1800 779 periegesis
1825 742 1855 769 et
1876 739 1990 779 Atthis,
2019 742 2050 769 et

292 798 458 838 vetustatq
471 800 500 826 01
523 798 704 826 auctoritate
727 796 942 826 florentissimi
975 800 1057 826 sunt.
1104 800 1198 837 atque
1227 797 1265 827 ad
1287 798 1389 837 ipsam
1411 798 1570 828 Atthidem
1596 808 1653 828 nos
1676 799 1805 828 remittit
1827 800 1854 828 is
1876 800 1968 828 cuius
1989 807 2048 837 ope

292 854 468 885 Pausaniae
493 865 628 885 errorem
660 856 864 896 corrigimus.
888 856 1097 895 Apollodorus
1111 857 1161 886 dn
1192 855 1338 896 Catalogo
1366 846 1482 890 (Strabs
1500 856 1549 887 IX
1573 858 1646 892 377)
1672 855 1839 899 Εὐρυσθεὺς
1868 852 2049 898 στρατεύσας

293 917 331 948 εἰς
353 915 529 955 Μαραθῶνα
549 916 596 944 ἐπὶ.
615 913 684 950 τοὺς
704 912 889 957 Ἡρακλέους
910 912 1017 950 παῖδας
1039 916 1088 944 καὶ
1107 911 1228 945 Ἰόλαον
1258 912 1475 954 βοήθτβαντων
1494 915 1658 950 Ἀθηναίων
1680 920 1837 958 ἱστορεῖται
1856 921 1952 946 πεσεῖν
1968 917 1997 945 ἐν
2010 919 2048 955 τῖς

293 970 386 1013 μαχᾊ,
409 975 457 1003 καὶ
480 971 514 1003 τὸ
539 973 591 1014 μὲν
614 972 688 1004 ἄλλο
715 977 803 1015 σῶμα
828 974 1000 1016 Γαργηττοῖ
1025 977 1164 1016 ταφῆναι,
1187 973 1242 1007 τὴν
1262 972 1296 1004 δὲ
1317 973 1450 1016 κεφαλὴν
1470 977 1560 1017 χωρὶς
1581 977 1610 1004 ἐν
1633 972 1818 1018 Τρικορύθῳ,
1840 972 2049 1016 ἀποκόψαντος

293 1030 383 1065 αὐτὴν
402 1029 533 1065 Ἰολαου,
560 1034 623 1078 ῖῖερῖ,
646 1031 699 1065 τὶν
722 1030 826 1075 κρήνην
848 1031 901 1067 τὴν
925 1034 1080 1077 Μακαρίαν
1096 1033 1152 1065 ὑπὸ
1176 1031 1329 1075 ἁμαξιτόν,
1354 1036 1404 1064 καὶ
1419 1032 1434 1064 ο
1451 1031 1543 1070 τόπος
1562 1037 1698 1065 καλεῖται
1723 1035 1900 1077 Εὐρυσθέως
1921 1031 2047 1076 κεφαλή.

292 1091 516 1131 subiungimus
541 1094 643 1123 statim
668 1103 748 1133 quae
772 1094 808 1123 ad
833 1093 966 1124 candem
998 1096 1207 1125 narrationem
1240 1095 1366 1124 faciunt.
1417 1094 1517 1125 Schol.
1542 1096 1700 1134 Aristoph.
1725 1094 1849 1125 Tliesm.
1875 1096 1935 1125 89ss
1959 1095 2048 1134 (Gar-

290 1156 406 1189 gettus)
431 1154 504 1181 {vua
520 1150 554 1182 τὸ
578 1151 758 1193 Εὐρυσθέως
779 1149 936 1183 ἀπόκειται
953 1157 1041 1194 σῶμα
1055 1156 1084 1184 ἐν
1106 1158 1150 1193 τῷ
1174 1154 1399 1195 ακρωτηρίῳ*).
1446 1154 1555 1184 eadem
1578 1156 1719 1194 exceptis
1744 1155 1862 1185 ultimis
1885 1155 2048 1185 vocabulis

290 1210 469 1250 Stephanus
483 1212 559 1251 Byz.
575 1222 598 1242 s.
611 1223 631 1240 1·
660 1212 746 1253 [ἀργ.
777 1213 871 1242 schol.
888 1212 975 1243 Pind.
991 1213 1080 1253 Pyth.
1097 1215 1125 1246 9.
1139 1216 1198 1244 145
1220 1215 1249 1243 ἐν
1263 1216 1301 1252 τῇ
1318 1208 1455 1254 αμαξιτῷ
1480 1213 1614 1252 [πλησίον
1626 1216 1680 1243 τοῦ
1702 1209 1799 1254 τάφου
1819 1210 2046 1261 ’‘superq-imma

290 1270 408 1310 ὲθαψαν
432 1269 484 1300 τὸν
509 1271 675 1313 Εὐρυσθέα,
712 1274 756 1301 ἱνα
790 1271 834 1302 ἀεὶ
863 1275 1005 1305 πατῆται.
1061 1274 1254 1304 5(010(1011(13
1276 1276 1364 1303 crant
1389 1282 1470 1312 quae
1495 1273 1660 1303 scholiasta
1684 1283 1724 1302 cx
1744 1282 1780 1303 eo
1804 1272 1931 1303 Pindari
1952 1283 2047 1303 versu

290 1340 384 1370 quem
410 1331 545 1371 explicat
568 1333 725 1361 incautius
750 1332 924 1362 admiscuit.
979 1332 1048 1363 fieri
1078 1337 1179 1373 potest
1213 1338 1247 1363 ut
1280 1332 1491 1373 Apollodorus
1514 1332 1566 1362 vel
1589 1333 1642 1372 qui
1666 1342 1738 1362 eum
1763 1333 1915 1372 excripsit
1938 1331 2046 1362 Strabo

290 1391 422 1429 virginis
466 1390 619 1421 Macar-iae
668 1392 859 1421 mentionem
903 1393 1137 1431 suppresserit,
1193 1393 1246 1422 sed
1296 1402 1335 1422 ne
1374 1393 1405 1422 id
1448 1392 1575 1432 quidem
1634 1392 1700 1421 fiori
1745 1401 1806 1421 non
1863 1395 1965 1432 potest
2014 1395 2048 1422 ut

289 1449 500 1488 Apollodorus
530 1450 578 1480 101
611 1460 646 1480 03
671 1460 733 1490 qua
759 1450 904 1480 utebatur
935 1451 1040 1481 Atthis
1070 1452 1188 1482 fontem
1212 1452 1379 1482 Macariam
1406 1453 1536 1485 noverit,
1579 1461 1696 1481 nomen
1718 1451 1850 1491 virginis
1873 1461 1936 1481 non
1961 1451 2044 1480 item.

290 1510 438 1539 nimirum
456 1520 492 1540 co
516 1513 701 1549 perventum
725 1513 821 1540 estut
847 1510 1019 1541 habeamus
1037 1511 1111 1551 quid
1127 1514 1209 1541 recte
1226 1512 1333 1551 quaeri
1356 1514 1386 1541 et
1401 1512 1501 1551 possit
1523 1514 1553 1541 et
1575 1511 1695 1541 debeat.
1742 1511 1923 1550 quaerimus
1943 1515 2046 1540 utrum

289 1569 353 1598 filia
373 1568 520 1599 Herculis
545 1579 617 1600 cum
640 1570 725 1599 fonte
749 1569 926 1609 Tricorysio
950 1571 1094 1610 primitus
1124 1571 1217 1601 fuerit
1240 1572 1422 1601 coniuncta:
1449 1574 1516 1600 tum
1538 1570 1634 1600 fontis
1659 1580 1774 1600 nomen
1798 1580 1815 1600 a
1835 1571 1959 1610 virgine
1982 1579 2046 1599 non

289 1632 391 1667 potest
414 1628 537 1666 divelli,
568 1638 602 1658 ac
626 1638 666 1658 ne
692 1628 833 1668 Euripidi
869 1629 996 1668 quidem
1032 1630 1160 1659 reticere
1182 1640 1298 1660 nomen
1323 1630 1450 1668 licebat,
1480 1634 1515 1660 ut
1538 1641 1555 1660 a
1584 1640 1646 1670 (1110
1670 1630 1765 1659 vitam
1797 1630 1885 1669 virgo
1920 1638 2045 1659 omnem

289 1688 473 1727 accepisseti
498 1697 539 1717 an
556 1689 688 1728 virginis
711 1689 883 1718 immolatio
899 1690 1044 1728 primitus
1061 1692 1183 1719 narrata
1198 1690 1292 1719 fuerit
1313 1690 1398 1720 nulla
1420 1691 1515 1720 fontis
1537 1690 1658 1720 ratione
1674 1688 1788 1727 habita,
1798 1689 1892 1719 fontis
1908 1689 2048 1729 nympha

289 1746 440 1776 celebrata
465 1748 505 1776 sit
527 1748 613 1777 nulla
637 1748 778 1778 heroicae
801 1758 955 1788 personae
977 1749 1098 1778 ratione
1120 1748 1240 1778 habita:
1264 1752 1331 1778 tum
1355 1758 1432 1778 casu
1460 1758 1524 1778 non
1545 1749 1675 1786 accidit.
1700 1752 1733 1778 ut
1754 1748 1838 1787 apud
1861 1747 2046 1788 Euripidem

289 1815 394 1845 nequo
416 1805 511 1835 fontis
533 1807 650 1836 mentio
667 1806 720 1835 fiat
744 1816 848 1847 neque
866 1807 954 1846 virgo
978 1808 1106 1838 1101111110
1131 1811 1236 1837 utatur
1259 1808 1331 1838 ullo.
1364 1812 1489 1848 apparet
1511 1809 1634 1838 tertiam
1656 1808 1720 1837 litis
1743 1807 1935 1838 dirimendae
1950 1808 2048 1837 facul-

288 1866 382 1894 tatem
416 1875 479 1895 11011
503 1874 582 1895 0550.
629 1875 700 1895 cum
726 1875 800 1896 vcro
815 1866 977 1905 Euripidis
1000 1867 1158 1906 tragoedia
1181 1867 1323 1897 mutilata
1340 1869 1389 1900 sit,
1410 1868 1448 1897 lis
1464 1870 1547 1897 certo
1569 1870 1637 1897 tum
1657 1867 1783 1897 demum
1802 1867 1913 1906 potcrit
1931 1867 2048 1905 dirimi,

288 1934 360 1954 cum
383 1924 533 1954 idoneum
556 1926 771 1955 testimouium
801 1930 958 1966 repertum
982 1927 1048 1956 erit.
1080 1936 1142 1966 quo
1173 1928 1319 1957 certiores
1344 1927 1458 1957 fiamus
1489 1926 1588 1956 fuisse
1617 1936 1690 1957 cum
1719 1926 1783 1956 filia
1814 1926 1962 1956 Herculis
1993 1928 2047 1956 aut

288 1983 374 2013 nullo
398 1987 538 2014 uteretur
559 1985 688 2015 nomine
720 1988 772 2015 aut
792 1986 862 2015 alio.
910 1995 983 2015 113111
1013 1986 1039 2015 51
1066 1985 1191 2016 fabulae
1222 1987 1307 2026 origo
1340 1987 1373 2016 in
1402 1986 1485 2016 fonte
1520 1987 1588 2026 ipso
1615 1987 1675 2016 sita
1696 1985 1764 2024 suit,
1801 1986 1911 2025 quinto
1934 1985 2045 2015 saltem

288 2043 415 2073 53001110
447 2044 577 2083 originis
601 2044 686 2074 illius
717 2054 910 2085 quemquam
931 2046 1084 2075 nescium·
1100 2046 1200 2076 fuisse
1228 2046 1356 2085 eogitari
1386 2046 1514 2075 omniuo
1538 2047 1658 2085 nequit,
1702 2045 1815 2085 quodsi
1839 2044 1963 2074 deesset
1984 2044 2045 2074 tale

286 2104 522 2141 testimonium,
555 2104 640 2133 nulla
673 2104 867 2134 divinatione
891 2108 998 2144 posset
1019 2105 1176 2144 suppleri,
1203 2105 1431 2145 fatendumque
1460 2108 1544 2134 esset
1566 2105 1706 2144 ingenue
1727 2114 1794 2134 rem
1816 2114 1880 2134 non
1914 2104 2043 2144 liquere.

287 2163 340 2192 scd
369 2166 491 2202 praesto
521 2166 568 2193 est
598 2164 676 2193 nulli
707 2164 899 2193 cavillationi
929 2163 1114 2196 obnoxium.
1159 2164 1254 2194 schol.
1283 2164 1441 2204 Aristoph.
1470 2163 1551 2194 Plut.
1581 2164 1652 2203 385,
1687 2165 1754 2194 sive
1782 2165 1887 2203 potius
1918 2154 1960 2192 ’τὰ
1980 2163 2046 2192 λίαν

289 2217 538 2262 ἐπιτετηδευμένον.
569 2218 769 2263 ὑπομνήματα
809 2223 846 2252 ad
880 2233 961 2262 quae
989 2226 1178 2263 provocatur
1221 2227 1329 2253 contra
1368 2223 1578 2254 Callistratum
1613 2223 1881 2263 Aristophaneum
1920 2223 2045 2261 scripta,

452 2376 474 2403 ⁸)
495 2375 564 2406 Quid
582 2374 747 2407 ἀκρωτήριον
766 2375 803 2400 sit
821 2374 921 2407 ambigi
939 2376 1046 2408 potest;
1064 2375 1168 2401 videtur
1186 2376 1258 2408 rupis
1277 2375 1317 2401 vel
1337 2375 1434 2400 montis
1458 2383 1522 2408 apex
1541 2383 1606 2400 esse.
1644 2374 1719 2400 cuius
1746 2382 1809 2399 usus
1828 2373 1968 2399 admodum
1989 2381 2044 2398 me·

286 2416 412 2442 motabile
429 2418 550 2450 suppetit
570 2418 726 2451 exemplum.
764 2417 917 2443 Heraclides
937 2418 982 2450 qui
1006 2417 1106 2443 dicitur
1123 2418 1150 2443 in
1174 2418 1286 2444 Ceorum
1305 2418 1441 2451 republica
1460 2418 1576 2444 fabulam
1596 2420 1688 2443 narrat
1706 2417 1737 2443 de
1756 2417 1880 2450 nymphis
1898 2425 1912 2441 e
1931 2416 1984 2442 Cea
2003 2416 2044 2441 in-

286 2459 343 2484 sula
357 2467 372 2484 a
384 2459 458 2484 leone
472 2459 572 2492 sugatis
586 2458 625 2486 διὸ
639 2464 682 2485 καὶ
702 2459 867 2493 ἀκρωτήριον
884 2460 926 2492 τῆς
942 2462 1003 2486 Λὲω
1017 2460 1083 2486 λέων
1096 2461 1224 2486 κηλεῖται.
1244 2461 1406 2493 intellegunt
1423 2461 1654 2494 promunturium3
1672 2463 1701 2486 at,
1713 2461 1833 2494 superest
1847 2460 1874 2484 in
1889 2460 1941 2485 Ceo
1956 2459 2043 2484 insula

285 2509 362 2534 rupes
387 2502 414 2527 111
433 2502 515 2527 leonis
533 2503 703 2528 simulacrum
730 2503 841 2533 caelata,
868 2511 946 2536 quain
979 2504 1012 2529 ab
1031 2504 1171 2530 Heraclide
1189 2505 1242 2530 isto
1260 2504 1313 2530 dici
1332 2503 1502 2530 manifestum
1523 2503 1634 2529 videtur.
1678 2503 1803 2529 eximium
1827 2503 1892 2528 artis
1922 2504 2044 2527 mat-urae

286 2546 486 2570 monumentum
507 2545 714 2571 Broendstedius
728 2547 835 2572 exhibet
855 2547 882 2572 in
902 2546 1039 2580 splendido
1059 2555 1136 2581 quem
1156 2547 1187 2573 de
1202 2547 1254 2572 Ceo
1275 2546 1394 2572 condidit
1413 2547 1480 2572 libro
1499 2549 1519 2572 1.
1538 2546 1586 2572 XI.
1623 2546 1679 2571 ficri
1698 2547 1788 2579 potest
1806 2547 1836 2571 ut
1855 2553 1897 2570 ars
1915 2553 2009 2570 saxum
2027 2553 2043 2569 a

286 2589 383 2612 natura
400 2587 507 2612 ludente
520 2588 547 2612 in
565 2588 648 2613 leonis
667 2589 868 2615 similitudinem
889 2589 1076 2616 adumbratum
1095 2591 1156 2623 post
1174 2590 1322 2616 Heraclidis
1341 2590 1396 2616 sive
1414 2590 1568 2615 Aristotelis
1587 2591 1702 2615 aetatem
1722 2588 1827 2614 denium
1846 2587 2025 2621 perpoliverit.
