2294 2969
902 206 944 210 ——
1003 185 1091 220 XIII
1146 205 1193 208 -—

172 298 244 320 mus
263 289 439 319 fabularum
456 288 649 319 Marathonia
671 290 889 319 recentissima
911 290 961 328 sit,
983 292 1088 320 tamen
1111 293 1141 320 et
1162 292 1287 320 vetusta
1311 294 1358 320 est
1381 294 1411 321 et
1433 293 1554 331 pridem
1578 294 1749 323 maximam
1773 293 1832 323 sibi
1856 303 1930 324 con-

173 349 291 378 ciliavit
323 349 546 378 auctoritatem.
593 347 771 378 videbimus
803 348 963 388 Euripidis
993 352 1092 379 aetate
1118 350 1204 388 ipsos
1230 349 1493 381 Lacedaemonios
1517 351 1720 382 Marathoniis
1743 353 1928 382 commentis

173 406 268 436 fidem
299 407 510 446 praestitisse:
539 409 630 436 sexto
659 406 785 436 saeculo
814 406 923 436 eadem
946 406 1124 437 Hecataeus
1152 408 1262 437 litteris
1291 409 1459 439 mandavit.
1507 420 1547 440 ex
1571 413 1661 441 euius
1685 412 1879 452 genealogiis
1902 413 1929 441 is

173 466 224 505 qui
251 465 288 495 de
311 465 502 495 sublimitate
521 467 645 506 scripsit
662 466 814 495 nonnulla
829 465 925 495 verba
941 466 1080 496 servavit
1096 467 1156 503 (27)
1173 466 1290 506 quibus
1305 467 1394 506 Ceyx
1411 467 1574 499 Trachinis
1591 479 1667 500 suae
1684 470 1928 501 imbecillitatem

173 534 331 554 excusans
349 524 526 554 Heraclidis
551 524 661 554 suadet
676 527 711 554 ut
727 525 809 563 apud
825 525 903 555 alios
920 525 1077 555 auxilium
1093 529 1253 565 quaerant.
1287 526 1369 566 quod
1386 536 1449 557 non
1469 527 1569 557 solum
1588 529 1668 568 apud
1686 530 1929 569 mythographos

174 584 227 614 sed
250 584 343 614 etiam
366 584 449 623 apud
473 583 655 624 Euripidem
679 584 764 621 (193)
796 594 867 614 eum
890 584 1084 614 Marathonia
1106 585 1210 615 fabula
1234 585 1387 623 cohaeret,
1416 595 1521 626 neque
1544 596 1584 616 ex
1608 588 1667 617 alia
1689 589 1851 618 commode
1874 598 1930 618 ex-

172 643 279 683 plicari
310 647 426 682 potest:
455 642 604 672 Thebana
631 647 724 675 certe,
751 652 831 682 quae
855 643 966 673 exules
991 644 1120 673 omnino
1142 653 1204 673 non
1228 647 1317 673 norat
1339 643 1532 682 Heraclidas,
1555 645 1747 675 alienissima
1772 650 1826 675 est.
1875 647 1929 676 sed

174 701 247 741 quid
279 704 374 731 testes
402 702 602 741 advocamus,
632 712 703 732 cum
735 703 793 742 ipsi
824 702 947 732 fabulae
976 704 1067 742 signa
1090 704 1285 742 antiquitatis
1310 704 1407 733 insint
1430 704 1690 734 luculentissima.
1724 704 1930 735 ‘Marathonia

174 761 258 790 enini
288 764 349 790 est:
380 761 417 790 ad
446 761 670 797 Athenienses,
698 764 732 791 ut
760 771 871 791 verum
899 762 1061 794 fateamur,
1092 771 1196 801 neque
1228 762 1336 791 laudes
1366 762 1441 792 haec
1469 763 1627 802 pertinent
1658 772 1761 803 neque
1792 764 1928 794 fraudes.

173 819 359 849 Heraclidae
387 819 569 850 Marathone
600 820 757 850 auxilium
788 821 966 859 impetrant,
997 830 1060 850 non
1087 821 1238 851 Athenis:
1273 821 1471 860 Eurystheus
1500 823 1537 852 ad
1567 822 1729 852 Minervae
1758 822 1930 853 Pallcnidis

174 879 326 909 vincitur:
350 880 474 908 transiit
489 889 573 919 ergo,
595 883 629 909 ut
649 879 686 909 de
703 879 867 909 Eleusinio
891 889 987 919 regno
1011 882 1181 910 taceamus.
1201 879 1383 919 Cecropiam
1407 882 1579 920 regionem,
1604 891 1707 921 neque
1732 881 1877 920 quisqam
1901 882 1932 911 ei

173 938 298 967 obstitit.
345 940 545 977 praepostera
569 938 645 968 haec
669 941 699 967 et
722 937 857 968 absurda
883 939 913 968 in
938 938 1056 968 finibus
1081 948 1160 978 quos
1186 938 1257 968 Solo
1279 940 1401 969 Atticae
1425 940 1684 979 circumscripsit:
1709 941 1932 971 convenientia

169 998 263 1035 atque
303 996 490 1033 necessaria,
529 1005 602 1025 euni
639 996 886 1035 tetrapolitaruni
925 1006 975 1026 res
1013 996 1138 1036 publica
1167 1000 1229 1027 tam
1259 998 1356 1028 libera
1383 998 1441 1028 fuit
1472 998 1509 1029 ab
1537 999 1798 1033 Atheniensibus.
1835 1010 1931 1040 quam

172 1054 320 1085 Herculis
358 1055 468 1094 religio
501 1055 660 1095 feriaeque
689 1055 740 1085 vel
769 1056 878 1095 quinto
915 1056 1040 1085 saeculo
1069 1058 1152 1086 sunt.
1206 1066 1279 1097 ergo
1309 1060 1479 1097 antequam
1509 1058 1611 1088 Attica
1642 1069 1682 1088 cx
1717 1059 1931 1099 compluribus

172 1115 279 1154 regnis
315 1115 440 1154 coaluit,
470 1115 547 1145 haec
575 1116 692 1144 narrari
719 1118 829 1155 coepta
856 1118 940 1154 sunt7
970 1116 1105 1156 ideoque
1135 1117 1216 1145 inter
1242 1117 1488 1156 pretiosissimas
1510 1117 1684 1147 Atticarum
1709 1119 1932 1158 antiquitatum

173 1174 322 1213 reliquias
346 1174 550 1204 numeranda.
596 1175 705 1214 quanti
739 1176 889 1205 momenti
920 1179 1012 1207 essct,
1043 1176 1069 1204 si
1094 1178 1176 1204 certo
1200 1178 1367 1207 constaret.
1395 1177 1466 1215 quis
1491 1185 1531 1205 ex
1555 1177 1676 1216 integra
1702 1177 1758 1206 hac
1782 1178 1933 1208 memoria

173 1232 364 1262 Marathonis
387 1243 521 1273 regnum
543 1233 713 1263 habuisset.
759 1234 882 1264 nullum
906 1244 1012 1274 regen]
1036 1235 1202 1265 nominant
1225 1235 1408 1274 Apollodori
1431 1240 1460 1265 et
1480 1245 1575 1265 verus
1598 1238 1627 1266 et
1650 1237 1830 1269 ementitus,
1853 1235 1933 1266 The-

174 1300 274 1325 seum,
298 1302 392 1332 quem
416 1297 610 1332 exaequatae
633 1295 809 1332 temporum
832 1293 969 1323 rationes
994 1294 1163 1333 postulant,
1187 1295 1317 1333 antiqua
1339 1293 1445 1324 fabula
1466 1295 1595 1334 respuit,
1618 1294 1775 1325 Diodorus
1800 1299 1830 1325 et
1852 1295 1934 1326 Pau-

174 1351 289 1389 sanias7
313 1350 565 1391 Demophontem
582 1355 704 1392 praeter
720 1351 902 1392 Euripidem
919 1353 1102 1381 Antoninus
1120 1351 1270 1382 Liberalis
1290 1353 1340 1384 322»,
1364 1353 1381 1381 i.
1395 1361 1420 1381 e.
1441 1353 1466 1381 si
1484 1353 1602 1393 scholio
1619 1353 1708 1385 fides.
1726 1353 1931 1392 Pherecydes.

174 1409 229 1439 sed
260 1411 314 1449 qui
338 1410 464 1440 scholiis
488 1411 550 1440 illis
570 1414 654 1440 recte
678 1412 723 1440 uti
747 1411 898 1446 didicerit,
928 1410 1101 1449 Pherecydi
1126 1421 1283 1441 summani
1306 1415 1427 1441 tantuin
1452 1413 1571 1452 capitis.
1593 1422 1673 1452 quae
1698 1413 1735 1442 de
1762 1413 1934 1444 Alcmenae

172 1467 506 1509 Rhadamanthyisque
531 1471 649 1510 nuptiis
673 1474 729 1509 est,
751 1470 919 1500 attribuere
943 1470 1088 1503 audebit:
1113 1470 1351 1500 Heraclidaruni
1374 1480 1425 1500 res
1448 1481 1487 1501 ex
1507 1472 1612 1500 nescio
1631 1482 1692 1511 quo
1709 1473 1934 1513 mythographo

173 1527 325 1568 descripta
356 1532 440 1563 sunt,
474 1539 567 1569 quein
599 1540 691 1560 1101110
720 1529 947 1560 demonstrabit
974 1540 1037 1559 non
1066 1540 1107 1560 ex
1136 1529 1288 1569 Euripide
1320 1534 1481 1570 tamquam
1504 1531 1613 1561 ultimo
1638 1534 1763 1561 auctore
1786 1532 1932 1571 pendere.

173 1597 247 1627 ergo
271 1588 308 1618 ad
333 1588 515 1628 Euripidem
538 1589 629 1619 rediit
652 1590 808 1629 quaestio:
836 1589 919 1629 apud
941 1599 1035 1629 quem
1059 1589 1148 1629 plura
1172 1590 1266 1619 etiam
1291 1589 1478 1629 explicanda
1502 1593 1583 1619 sunt.
1631 1600 1704 1620 nain
1728 1590 1766 1619 de
1787 1590 1854 1621 loco
1872 1601 1935 1631 quo

173 1646 278 1676 fabula
301 1650 410 1686 agatur
432 1658 544 1687 nuper.
572 1658 737 1688 perperam
765 1648 892 1688 quidem
923 1652 952 1678 et
981 1649 1023 1678 ita
1045 1651 1078 1678 ut
1101 1649 1235 1688 insignis
1260 1649 1371 1678 levitas
1399 1649 1639 1689 perstringenda
1665 1651 1713 1680 sit.
1737 1653 1838 1680 motae
1863 1653 1937 1680 sunt

174 1705 401 1737 dubitationes:
440 1708 599 1737 malumus
635 1717 709 1738 vero
745 1717 889 1738 enarrare
922 1708 1082 1748 Euripidis
1117 1707 1245 1738 artificia
1280 1717 1374 1748 quam
1415 1709 1557 1738 novicios
1595 1718 1715 1738 errores
1756 1718 1934 1749 coarguere.

174 1765 343 1805 Euripides
363 1776 434 1796 011111
458 1776 561 1807 nequo
584 1777 725 1807 pugnam
748 1777 854 1807 neque
873 1767 1054 1807 sepulcrum
1072 1767 1239 1806 Eurysthei
1265 1767 1332 1797 loeo
1355 1767 1465 1797 tradito
1489 1771 1638 1806 moveret,
1662 1767 1843 1798 Marathone
1863 1778 1936 1799 eon-

177 1826 297 1855 sedisse.
326 1825 509 1856 Heraclidas
540 1827 614 1856 item
641 1826 762 1857 tradere
793 1826 934 1857 debebat.
987 1837 1029 1857 ex
1057 1826 1142 1857 Iolao
1169 1827 1283 1857 01101115
1312 1828 1433 1867 quaerit
1458 1828 1529 1865 (80),
1559 1830 1662 1857 utrum
1686 1837 1742 1867 per
1765 1830 1876 1858 terram
1900 1830 1934 1859 in

175 1885 338 1925 tetrapolin
371 1884 595 1915 Marathoniam
627 1887 764 1922 venerit,
796 1896 834 1916 an
868 1896 909 1916 ex
937 1887 983 1917 eis
1013 1888 1052 1916 sit
1081 1888 1137 1926 qui
1168 1889 1254 1916 trans
1284 1886 1398 1916 fretum
1430 1886 1591 1916 Euboeam
1619 1887 1765 1917 incolent.
1821 1887 1936 1918 Demo-

175 1943 300 1983 phontis
323 1946 409 1985 regia
430 1946 459 1974 ei
482 1945 550 1975 1000
574 1955 635 1985 quo
657 1945 844 1976 Heraclidae
868 1947 1077 1986 confugerunt
1098 1946 1201 1975 vicina
1225 1948 1282 1978 est,
1306 1956 1378 1975 nam
1402 1948 1431 1975 et
1454 1945 1643 1975 clamoribus
1668 1948 1785 1976 accitur
1801 1949 1840 1981 et,
1863 1957 1935 1977 cum

175 2004 213 2034 ad
241 2005 419 2034 contionem
453 2004 630 2035 habendam
661 2014 792 2045 peregre
823 2005 896 2043 abit,
925 2005 1046 2035 Iolanm
1070 2006 1102 2034 in
1126 2005 1254 2035 domum
1280 2014 1370 2035 suam
1394 2006 1506 2035 invitat
1527 2006 1623 2037 (340).
1670 2007 1773 2035 contio
1794 2005 1935 2045 habetur,

176 2064 220 2093 uti
248 2073 303 2103 par
332 2066 388 2099 est,
416 2065 448 2094 111
479 2064 566 2098 urbe,
597 2066 688 2094 euius
717 2064 857 2094 habitum
886 2065 987 2094 redux
1018 2063 1206 2103 Demophon
1239 2064 1387 2093 describit
1417 2066 1512 2103 (401).
1564 2075 1625 2104 quo
1657 2065 1689 2094 in
1724 2066 1834 2095 itinere
1867 2066 1936 2105 ipse

176 2123 312 2161 Argivas
344 2124 450 2162 copias
474 2124 640 2163 conspexit
663 2123 883 2155 accelerantes.
914 2123 1061 2163 quamvis
1085 2123 1226 2153 nondum
1249 2119 1324 2152 τάδε
1347 2120 1434 2153 πεδία.
1456 2125 1511 2164 γῆς
1542 2125 1560 2153 i.
1581 2133 1606 2154 0.
1632 2124 1794 2164 tctrapolin
1826 2126 1936 2155 intras-

177 2184 248 2211 sent
271 2182 368 2218 (393).
422 2186 497 2212 sunt
521 2192 594 2223 ergo
624 2183 734 2213 eodem
766 2183 830 2213 fere
861 2183 929 2212 loco
960 2192 1022 2222 quo
1051 2185 1160 2222 postea
1184 2186 1350 2223 pugnatur.
1382 2183 1419 2212 ad
1443 2182 1594 2213 Pallenen
1619 2184 1716 2221 (s4l)7,
1749 2192 1935 2223 praeconem

177 2250 251 2270 vero
275 2250 315 2270 ex
339 2240 456 2271 finibus
480 2241 715 2281 Megarensium
740 2229 892 2272 miserant
915 2242 1010 2280 (278).
1051 2242 1126 2272 dum
1149 2245 1319 2282 pugnatur,
1342 2242 1455 2272 chorus
1480 2242 1584 2272 Solem
1608 2246 1638 2273 ct
1658 2242 1781 2273 Lunam
1804 2243 1936 2272 virtutes

177 2309 251 2330 suas
280 2300 461 2340 praedicare
492 2300 579 2331 iubet
606 2301 644 2331 ad
673 2301 787 2331 solium
811 2301 975 2331 Erechthei
998 2302 1031 2331 in
1054 2301 1126 2331 fano
1150 2300 1287 2331 Poliadis
1315 2301 1390 2339 (754
1413 2301 1449 2331 cf.
1475 2300 1583 2331 Herm.
1607 2300 1687 2331 XIV
1714 2302 1799 2335 ism:
1833 2303 1937 2330 cantat

178 2368 250 2398 ergo
274 2359 367 2399 longe
386 2359 429 2403 ab
454 2359 540 2390 urbe.
586 2361 692 2400 ipsum
717 2370 790 2390 vero
807 2360 1004 2390 Athenarum
1028 2370 1144 2390 nomen
1169 2360 1362 2400 ubicumque
1386 2362 1513 2400 ponitur
1535 2371 1597 2391 non
1624 2361 1748 2391 moenia
1771 2359 1936 2399 signifieat,

179 2418 234 2448 sed
256 2427 320 2448 rem
344 2418 503 2458 publicam
526 2420 608 2458 (359.
627 2420 697 2449 387.
715 2420 785 2449 849.
804 2420 887 2457 934).
910 2420 952 2449 ita
973 2422 1006 2449 ut
1029 2419 1067 2450 (10
1080 2420 1213 2450 Athenis
1236 2423 1397 2459 tamquam
1420 2419 1639 2460 praesentibus
1662 2419 1768 2449 Iolaus
1793 2420 1938 2459 loquatur

179 2477 274 2515 (198).
319 2480 447 2518 apparet
466 2477 651 2517 Euripidem
674 2479 752 2508 nihil
776 2488 922 2517 novasse⁷
944 2479 1006 2508 nisi
1031 2478 1114 2518 quod
1138 2479 1228 2508 vitari
1252 2479 1381 2507 omnino
1403 2488 1468 2508 non
1491 2480 1608 2517 posset,
1631 2478 1709 2517 quin
1724 2477 1937 2507 Athenienses

178 2538 209 2565 et
236 2537 375 2576 periculo
405 2539 436 2567 et
462 2537 554 2567 laude
586 2537 852 2567 Marathoniorum
882 2538 1106 2574 eximerentur,
1134 2536 1386 2576 Demophontem
1410 2537 1507 2577 igitur
1530 2536 1776 2566 Atheniensium
1800 2535 1937 2566 eundem

179 2596 210 2624 et
231 2596 474 2635 tetrapolitarum
495 2605 601 2636 regem
623 2605 705 2634 esse,
729 2597 820 2636 quasi
843 2605 997 2635 personae
1018 2597 1140 2625 tantum
1162 2596 1266 2635 regiae
1291 2595 1515 2625 communione
1540 2595 1657 2624 iunctis
1682 2593 1805 2624 duabus
1829 2594 1937 2623 eivita-
