2294 2969
1050 167 1324 200 ——Xll—

311 276 459 312 mutavit,
497 276 551 305 sed
581 285 652 304 cum
684 274 869 302 Alcmenam
899 271 958 301 sub
987 270 1083 300 finem
1110 271 1288 310 tragoediae
1322 271 1467 310 producit
1499 270 1702 301 acerbissime
1731 272 1854 310 captivo
1885 270 2062 308 Eurystheo

310 335 503 365 illudentem,
536 332 700 362 confitetur
724 335 832 360 notum
853 329 913 360 sibi
936 339 1006 360 esse
1039 330 1122 370 quod
1145 331 1178 359 in
1201 329 1389 359 bibliotheca
1413 333 1460 359 est
1483 330 1632 369 antiquae
1655 331 1846 360 crudelitatis
1869 330 2063 369 exemplum.

310 393 417 423 oculos
446 401 485 421 ex
515 395 637 420 mortuo
667 390 835 428 Eurysthei
865 390 967 428 capite
998 389 1069 418 fuso
1099 389 1230 418 effossos
1260 398 1330 418 0550
1362 387 1399 417 ab
1423 388 1585 417 Alcmena.
1632 389 1709 418 haec
1731 398 1842 418 rursus
1868 388 1973 418 fabula
1996 388 2063 418 sola

310 451 454 490 explieat.
483 459 538 479 cur
562 448 666 478 Iolaus
691 451 782 488 caput
806 448 959 478 interfecti
984 448 1082 477 hostis
1108 447 1308 478 obtruncarit.
1341 447 1489 476 nimirum
1517 451 1550 476 ut
1573 448 1662 477 aviae
1686 447 1818 477 deferret
1841 448 1972 477 confecti
1996 452 2063 477 tan-

309 510 380 539 dem
412 508 625 537 inimicissimi
655 508 774 537 domini
803 507 1037 537 documentum.
1088 507 1174 545 atqui
1205 505 1390 535 Alcmenam
1422 506 1494 544 quis
1523 506 1686 544 negaverit
1710 505 1929 535 Thebanorum
1958 508 2063 545 potius

309 577 396 605 esse,
424 567 506 607 apud
530 576 610 607 quos
633 570 663 596 et
686 567 801 596 vixerit
826 576 950 605 semper
973 568 1002 595 et
1025 569 1147 595 mortua
1171 565 1229 596 sit.
1258 574 1353 604 (11111111
1384 564 1635 594 Atheniensium.
1683 575 1786 604 neque
1806 565 1895 595 aliter
1918 565 1956 594 110
1980 565 2064 595 Iolao

307 625 520 656 iudicandum.
567 625 606 655 (10
643 635 704 664 quo
728 625 758 654 id
790 624 916 663 quidem
946 624 1040 653 etiam
1071 622 1153 662 apud
1181 622 1365 662 Euripidem
1396 626 1452 654 est.
1476 623 1605 653 deorum
1635 633 1692 663 ope
1720 625 1749 653 01
1780 625 1812 653 111
1847 625 1943 654 11111115
1971 625 2065 655 horae

308 695 402 715 11511111
425 686 621 715 iuventutem
658 683 810 713 redditam
835 692 919 714 0550,
952 682 1006 711 5011
1041 682 1154 712 deinde
1187 682 1346 721 tragoedia
1370 683 1461 722 quasi
1490 682 1686 712 obliviscitur
1716 684 1785 713 cius
1817 680 1970 723 personae
2004 694 2066 723 qua

309 745 446 784 amplius
479 745 520 774 uti
556 744 663 773 nescit.
712 743 828 782 quippe
855 751 892 771 ne
916 752 933 770 a
958 741 1024 771 11015
1050 741 1178 781 quidem
1202 741 1353 771 iuvenilis
1375 741 1495 771 roboris
1521 752 1584 771 una
1614 742 1687 771 hora
1712 743 1841 781 impune
1865 742 2063 772 conceditur:

308 804 492 834 redimenda
523 806 569 833 est
601 802 711 832 ceteris
736 811 816 841 quos
844 801 905 830 fata
934 800 1074 830 ferebant
1097 800 1205 830 effetae
1230 799 1404 829 senectutis
1428 800 1529 831 11111115,
1574 799 1740 829 ludibundi
1764 804 1873 839 poetae
1897 804 1945 830 est
1964 809 2065 839 paene

308 874 386 904 puer
417 863 575 902 dubiaque
604 865 715 901 tegens
754 861 903 900 lanugine
937 860 1035 889 malas
1069 858 1174 889 Iolaus
1208 858 1311 897 (Ox-id.
1337 858 1409 888 Met.
1434 858 1482 887 IX
1505 859 1594 895 399):
1630 860 1743 888 seriam
1777 859 1994 898 antiquitatem
2029 869 2066 889 011

307 926 429 952 tantum
464 921 551 950 decet
574 920 678 950 fabula
712 928 793 959 qnae
816 919 899 959 apud
921 918 1093 948 Pindarum
1114 921 1179 953 051,
1213 917 1333 948 Iolaum
1367 922 1438 958 post
1472 919 1668 948 iuventutem
1704 918 1833 948 mirifice
1869 919 2067 948 reformatam

309 982 441 1011 summis
466 980 594 1020 quidem
618 980 697 1009 asfici
722 978 904 1011 honoribus,
929 978 984 1007 sed
1008 981 1037 1007 et
1061 979 1226 1018 supremis.
1273 988 1346 1008 nam
1367 978 1440 1007 inde
1464 978 1547 1018 quod
1571 975 1669 1018 κηρὸν
1695 979 1769 1018 ἔγνω
1793 979 1884 1007 etiam
1903 978 2068 1008 scholiasta.

308 1044 389 1070 recte
413 1039 577 1077 conclusit,
607 1038 702 1068 robur
725 1039 757 1068 111
784 1038 887 1068 brevis
912 1038 1103 1067 discriminis
1125 1041 1252 1077 tempus
1277 1047 1465 1067 concessum
1490 1037 1669 1077 significari.
1717 1046 1820 1076 neque
1848 1042 1930 1066 reete
1954 1038 2069 1077 cogita-

307 1104 393 1130 retur
415 1099 452 1129 dc
476 1099 571 1129 altera
595 1108 675 1138 quae
698 1099 773 1127 item
799 1097 881 1137 apud
910 1097 1109 1127 scholiastam
1132 1100 1180 1126 est
1202 1096 1326 1126 fabulae
1350 1097 1464 1132 forma,
1497 1096 1671 1126 seeundum
1703 1106 1797 1135 quam
1828 1095 1867 1125 ab
1891 1096 1998 1126 inferis
2021 1106 2068 1126 re-

308 1159 364 1188 diit
386 1158 499 1188 Iolaus.
547 1167 627 1197 quac
666 1161 696 1186 et
734 1156 882 1196 ignobilis
917 1158 964 1186 051
995 1158 1025 1185 et
1055 1166 1073 1185 a·
1101 1157 1241 1195 genuina
1272 1155 1391 1185 recedit
1423 1156 1500 1187 fide:
1536 1157 1698 1185 iuventam
1732 1155 1930 1185 commodare
1964 1160 2068 1195 potest

308 1217 459 1248 Iuventae
484 1217 624 1254 maritus7
647 1216 743 1245 vitam
766 1225 830 1245 111111
855 1216 940 1246 item.

476 1275 686 1305 Restituimus
710 1274 869 1304 Thebanis
893 1284 965 1311 sua3
995 1274 1032 1304 de
1056 1275 1157 1304 Attica
1178 1274 1277 1314 gloria
1301 1277 1404 1304 actum
1430 1277 1485 1303 est.
1531 1283 1612 1313 quae
1635 1273 1802 1304 narrabant
1825 1275 1930 1305 omnia
1952 1273 2068 1304 Thebis

310 1336 442 1365 mutuati
469 1337 557 1364 erant
578 1334 809 1365 Athenienses:
841 1343 921 1373 quae
946 1334 1170 1371 monstrabant,
1199 1333 1369 1372 Eurysthei
1392 1337 1480 1364 erant
1501 1334 1656 1373 sepulcra,
1686 1333 1801 1363 debilia
1832 1333 1935 1363 hercle
1958 1343 2070 1363 monu-

309 1398 424 1425 menta.
455 1404 535 1434 quae
557 1393 651 1423 fidem
675 1403 768 1433 quam
794 1393 938 1423 adserere
962 1393 1073 1422 volunt
1098 1394 1284 1433 iniringunt.
1326 1393 1453 1422 inferias
1479 1391 1538 1421 sibi
1562 1392 1629 1421 11011
1652 1395 1734 1421 vetat
1758 1392 1957 1430 Eurystheus
1979 1391 2071 1422 Euri-

308 1454 430 1494 pideus,
461 1454 610 1483 nimirum
644 1456 678 1483 ut
710 1453 813 1483 nullas
842 1452 903 1482 sibi
932 1452 999 1483 11011
1032 1456 1171 1483 excuset.
1218 1455 1310 1493 caput
1333 1462 1407 1481 vero
1430 1451 1603 1490 Tricorythi
1632 1452 1663 1480 in
1688 1452 1738 1481 via
1761 1450 1887 1491 publica
1910 1451 2070 1481 eonditum

308 1512 443 1553 pedibus
474 1513 618 1543 calcatur.
665 1522 745 1552 quae
773 1513 859 1542 cultu
887 1516 994 1542 carent
1021 1512 1165 1552 sepulcra
1196 1511 1285 1541 nulla
1317 1511 1436 1547 sunt*}.
1484 1513 1576 1549 atque
1600 1509 1689 1539 facilc
1712 1509 1762 1538 vel
1790 1509 1822 1538 id
1850 1509 2071 1549 perspicimus,

309 1583 366 1603 cur
381 1572 563 1602 Thebanam
586 1572 723 1602 fabulam
747 1573 935 1612 arripuerint
950 1571 1144 1601 Marathonii.
1192 1571 1295 1601 eidem
1319 1570 1404 1600 enim
1425 1580 1443 1599 a
1466 1578 1500 1599 se
1522 1569 1633 1608 primis
1648 1568 1779 1598 Herculi
1804 1568 1862 1599 deo
1886 1578 1973 1598 sacra
1992 1569 2072 1598 facta

310 1642 380 1663 esse
413 1631 578 1669 iactabant,
607 1631 759 1671 templum
791 1632 821 1660 ei
851 1632 989 1660 fecerant
1018 1631 1173 1660 famosum
1203 1632 1232 1660 et
1260 1629 1351 1659 ludos
1381 1629 1515 1669 agebant
1549 1628 1597 1658 vel
1630 1629 1739 1667 quinto
1763 1627 1889 1657 saeculo
1910 1627 2068 1657 florentes.

311 1692 348 1723 de
379 1691 494 1732 quibus
518 1692 665 1721 certiores
690 1701 747 1721 nos
770 1690 889 1720 faciunt
911 1700 975 1720 non
1001 1689 1281 1727 At11eniensos**)‚
1313 1689 1368 1729 qui
1390 1699 1511 1729 pagana
1535 1697 1621 1718 5110111
1643 1697 1716 1727 prae
1742 1687 1870 1716 urbanis
1893 1686 1994 1716 solent
2018 1686 2072 1716 ob-

311 1760 447 1788 scurare,
471 1751 526 1780 sed
543 1751 625 1780 idom
643 1751 693 1780 0111
711 1751 883 1790 genuinam
901 1749 1040 1780 fabulam
1056 1749 1208 1779 debemus
1227 1748 1383 1778 Pindarus
1407 1749 1466 1787 (Ol.
1483 1750 1500 1777 9
1515 1753 1544 1777 et
1564 1749 1611 1778 122».
1628 1747 1717 1786 Pyth.
1733 1750 1773 1784 ὅ).
1810 1746 1951 1776 Thebani
1967 1746 2072 1776 herois

310 1811 497 1850 religionem
521 1820 607 1840 sacra
629 1809 720 1839 ludos
743 1808 859 1839 Thebis
884 1812 970 1839 trans
994 1810 1140 1849 Asopum
1162 1810 1313 1839 transisse
1337 1808 1374 1838 ad
1398 1808 1610 1838 Marathonios
1634 1810 1885 1837 consentaneum
1909 1813 1971 1836 est:
2000 1815 2073 1836 cum

312 1870 395 1900 ludis
410 1869 534 1899 fabulae
550 1868 778 1908 arripiebantur
795 1878 876 1908 quae
889 1867 1110 1898 Thebanorum
1126 1868 1273 1898 ludorum
1287 1869 1424 1908 origines
1438 1867 1647 1897 celebrabant.
1671 1868 1777 1906 itaque
1792 1866 1870 1896 nihil
1884 1864 2013 1896 omnino
2027 1868 2074 1895 est

312 1939 368 1959 cur
389 1929 473 1969 apud
486 1929 606 1959 Atticos
628 1928 801 1968 quidquam
825 1928 983 1968 peculiare
1003 1928 1102 1958 fuisse
1125 1928 1278 1961 credatur,
1303 1927 1387 1968 quod
1409 1926 1643 1957 transferendae
1665 1926 1835 1964 Ermvsthei
1860 1925 1939 1955 cladi
1962 1934 2071 1955 ansam

312 1988 483 2028 praeberet.
529 1991 559 2018 et
589 1991 623 2017 111
650 1987 827 2025 1“110111***),
861 1987 959 2017 densa
984 1997 1068 2017 nune
1091 1988 1244 2027 premitur
1267 1989 1367 2017 nocte.
1413 1996 1485 2016 nam
1509 1987 1655 2026 quamvis
1680 1995 1788 2015 earum
1812 1994 1891 2025 quas
1912 1985 2073 2014 recensui-

479 2149 507 2181 *)
532 2148 619 2173 Prava
642 2147 863 2181 interpretatione
887 2145 1032 2179 Eurysthei
1057 2153 1132 2171 sacra
1156 2145 1276 2171 inferunt
1301 2146 1328 2171 in
1347 2145 1458 2171 titulum
1477 2144 1664 2170 difficillimum
1683 2143 1744 2170 CIG
1764 2143 1822 2169 523.
1844 2143 1890 2176 qui
1908 2151 1978 2169 nunc
1996 2143 2074 2176 plane

313 2191 477 2217 omittendus
496 2192 544 2217 est.

478 2243 520 2273 **)
546 2241 756 2275 Harpocratione
781 2242 815 2272 (s.
836 2249 858 2266 v,
877 2239 1042 2274 Ἡράκλεια)
1067 2242 1137 2265 teste
1163 2240 1271 2265 fuerunt
1295 2239 1340 2273 qui
1359 2239 1542 2265 Marathoniam
1568 2238 1647 2264 ferias
1672 2238 1859 2271 intellegerent
1884 2237 1954 2270 apud
1977 2237 2074 2262 Demo-

312 2286 434 2311 sthenem
453 2285 485 2310 de
503 2285 562 2310 fals.
581 2285 632 2317 leg.
652 2284 685 2310 86
704 2286 731 2309 et
753 2284 816 2314 125;
845 2283 935 2309 eodem
954 2283 1073 2308 referunt
1090 2290 1166 2308 sacra
1186 2282 1239 2307 τῶν
1256 2280 1442 2315 Ἡρακλειδῶν
1460 2289 1527 2314 quae
1548 2281 1579 2306 ab
1606 2281 1754 2314 hieropoeis
1779 2280 1967 2306 administrata
1991 2279 2075 2305 tradit

313 2328 408 2353 Pollux
419 2327 488 2353 VIII
509 2327 565 2354 107.
603 2330 746 2360 utrumque
765 2326 921 2359 ambignum
940 2328 989 2355 est,
1009 2327 1037 2351 et
1055 2325 1126 2358 apud
1143 2325 1280 2351 Pollucem
1298 2324 1446 2350 emendatio
1465 2324 1656 2357 Iungermanni
1674 2323 1842 2356 ‘Ilpanhlmv
1862 2323 1970 2348 minime
1991 2325 2071 2348 certa.

313 2373 436 2397 Aexonae
462 2371 513 2396 fnit
539 2371 634 2396 flamen
660 2369 870 2397 Heraclidarnm.
898 2368 1031 2395 flaminica
1052 2368 1181 2394 Iuventae
1206 2369 1233 2393 et
1252 2368 1395 2393 Alcmenae
1421 2367 1496 2399 (CIA
1515 2367 1543 2392 Π
1564 2367 1638 2399 581),
1672 2375 1755 2400 neque
1781 2367 1835 2392 ulla
1859 2373 1937 2391 causa
1963 2367 2003 2390 est
2029 2373 2076 2390 cur

313 2414 499 2439 Marathoniae
524 2413 605 2438 feriae
629 2413 729 2438 fuerint
756 2413 877 2446 publicae
902 2411 994 2446 populi
1014 2411 1227 2437 Atheniensium.
1265 2410 1407 2436 Herculem
1432 2411 1483 2436 coli
1507 2410 1606 2436 scimus
1625 2408 1695 2443 apud
1713 2409 1897 2434 Acharnenses
1915 2407 2074 2433 Plothenses

314 2456 450 2482 Chollidas
471 2456 546 2485 alios,
565 2459 596 2482 ut
614 2456 715 2482 urbana
734 2456 936 2489 suburbanaque
956 2455 1104 2481 mittamus.

433 2538 435 2541 ¹
480 2509 538 2539 ***)
562 2508 717 2534 Notandum
741 2510 784 2534 est
803 2507 872 2541 quod
891 2507 1051 2533 Aristoteles
1071 2506 1156 2532 tradit
1175 2505 1245 2539 apud
1263 2504 1454 2538 Apollodorum
1473 2504 1613 2531 Strabonis
1632 2503 1692 2533 374,
1716 2503 1880 2536 Epidaurum
1899 2511 1915 2529 a
1933 2503 2074 2536 tetrapoli-

303 2551 350 2590 ι115
375 2550 484 2576 Ionibus
507 2551 552 2576 illa
576 2551 714 2577 occasione
739 2552 898 2584 occupatam
923 2558 987 2576 esse.
1024 2549 1180 2575 orientalem
1200 2548 1309 2574 Atticae
1333 2548 1468 2580 regionem
1491 2547 1641 2580 antiquitus
1660 2546 1744 2571 multo
1763 2545 1973 2572 coniunctiorem
1991 2545 2074 2571 fuisse

315 2601 375 2618 cum
395 2593 561 2619 meridionali
579 2593 653 2618 sinus
674 2593 794 2619 Saronici
812 2593 889 2619 litore
909 2601 987 2626 quam
1007 2600 1067 2618 cum
1087 2591 1212 2624 Cecropis
1230 2590 1428 2623 Erechtheique
1446 2590 1543 2624 populo
1563 2592 1656 2616 notum
1674 2591 1722 2615 est.
